@inproceedings{Luk:2005:PBC:1065010.1065034,
  author = {Luk, Chi-Keung and Cohn, Robert and Muth, Robert and Patil, Harish and Klauser, Artur and Lowney, Geoff and Wallace, Steven and Reddi, Vijay Janapa and Hazelwood, Kim},
  title = {Pin: building customized program analysis tools with dynamic instrumentation},
  booktitle = {Proceedings of the 2005 ACM SIGPLAN conference on Programming language design and implementation},
  series = {PLDI '05},
  year = {2005},
  isbn = {1-59593-056-6},
  location = {Chicago, IL, USA},
  pages = {190--200},
  numpages = {11},
  url = {http://doi.acm.org/10.1145/1065010.1065034},
  doi = {http://doi.acm.org/10.1145/1065010.1065034},
  acmid = {1065034},
  publisher = {ACM},
  address = {New York, NY, USA},
  keywords = {dynamic compilation, instrumentation, program analysis tools},
} 

@inproceedings{Nethercote:2007:VFH:1250734.1250746,
  author = {Nethercote, Nicholas and Seward, Julian},
  title = {Valgrind: a framework for heavyweight dynamic binary instrumentation},
  booktitle = {Proceedings of the 2007 ACM SIGPLAN conference on Programming language design and implementation},
  series = {PLDI '07},
  year = {2007},
  isbn = {978-1-59593-633-2},
  location = {San Diego, California, USA},
  pages = {89--100},
  numpages = {12},
  url = {http://doi.acm.org/10.1145/1250734.1250746},
  doi = {http://doi.acm.org/10.1145/1250734.1250746},
  acmid = {1250746},
  publisher = {ACM},
  address = {New York, NY, USA},
  keywords = {Memcheck, Valgrind, dynamic binary analysis, dynamic binary instrumentation, shadow values},
} 

@article{Graham:2004:GCG:989393.989401,
  author = {Graham, Susan L. and Kessler, Peter B. and McKusick, Marshall K.},
  title = {gprof: a call graph execution profiler},
  journal = {SIGPLAN Not.},
  volume = {39},
  issue = {4},
  month = {April},
  year = {2004},
  issn = {0362-1340},
  pages = {49--57},
  numpages = {9},
  url = {http://doi.acm.org/10.1145/989393.989401},
  doi = {http://doi.acm.org/10.1145/989393.989401},
  acmid = {989401},
  publisher = {ACM},
  address = {New York, NY, USA},
} 

@book{stallman1991using,
  title={Using GDB: a guide to the GNU source-level debugger},
  author={Stallman, R.M. and Pesch, R.H.},
  url={http://books.google.com/books?id=V\_7QOAAACAAJ},
  year={1991},
  publisher={Free software foundation}
}
